% Referenced works

% Example
@misc{Wikipedia,
  author       = {{Wikipedia contributors}},
  howpublished = {\url{https://en.wikipedia.org/wiki/}},
  organization = {Wikipedia},
  title        = {Wikipedia}
}