% Referenced works

% Example
@misc{LaravelDocs,
  author       = {Laravel},
  title        = {Laravel Documentation},
  howpublished = {\url{https://laravel.com/docs/11.x}}
},

@misc{LaravelBreeze,
  author       = {Laravel},
  title        = {Laravel Breeze},
  howpublished = {\url{https://laravel.com/docs/11.x/starter-kits#laravel-breeze}}
},

@misc{LaravelSanctum,
  author       = {Laravel},
  title        = {Laravel Sanctum},
  howpublished = {\url{https://laravel.com/docs/11.x/sanctum}}
},

@misc{LaravelPermissions,
  author       = {Spatie},
  title        = {Laravel Permissions},
  howpublished = {\url{https://spatie.be/docs/laravel-permission/v6/introduction}}
},

@misc{LaravelSail,
  author       = {Laravel},
  title        = {Laravel Sail},
  howpublished = {\url{https://laravel.com/docs/11.x/sail}}
},

@misc{FilamentPHP,
  author       = {Filament},
  title        = {Filament},
  howpublished = {\url{https://filamentphp.com/docs}}
},